% !TeX encoding = Windows-1251

@ARTICLE{PCGamersByAge,
  author    = {Jane Clement},
  title     = {Portion of PC Gamers Worldwide 2020 [{Э}лектронный ресурс]},
  year      = {2020},
  language  = {english},
  note      = {URL:~\url{https://www.statista.com/statistics/748072/number-pc-gamers-world-platform/#statisticContainer} (Дата обращения 17.05.2022). Загл с экр. Яз. англ.},
}

@ARTICLE{BusinessPlanning,
  author          = {Вячеслав Уточкин},
  title           = {Бизнес"=планирование в игровой индустрии [{Э}лектронный ресурс]},
  year            = {2017},
  language        = {russian},
  note            = {URL: ~\url{https://habr.com/ru/company/miip/blog/331642/} (Дата обращения 17.05.2022). Загл. с экр. Яз. рус.},
}

@ARTICLE{LuaDocumentation,
  title           = {Lua: documentation [{Э}лектронный ресурс]},
  year            = {2021},
  language        = {english},
  note            = {URL: ~\url{https://www.lua.org/docs.html} (Дата обращения 18.05.2022). Загл. с экр. Яз. англ.},
}

@BOOK{JasonGregory,
  author    = {Джейсон Грегори},
  title     = {Игровой движок. Программирование и внутреннее устройство},
  edition   = {3},
  publisher = {СПб.: Питер},
  year      = {2021},
  language  = {russian},
  pages     = {1136},
  series    = {Для профессионалов},
  isbn      = {5446111343},
}

@BOOK{Kremlev,
  author    = {А. Кремлев},
  title     = {Основные понятия теории игр: учебное пособие},
  publisher = {Екатеринбург: Изд"~во Урал. ун"~та},
  year      = {2016},
  pages     = {144},
  language  = {russian},
  isbn      = {5799619404},
  note      = {URL: ~\url{https://elar.urfu.ru/bitstream/10995/43897/1/978-5-7996-1940-4_2016.pdf} (Дата обращения 20.05.2022)},
}

@BOOK{RefCoaster,
  author    = {Рэф Костер},
  title     = {Разработка игр и теория развлечений},
  publisher = {ДМК Пресс},
  year      = {2018},
  pages     = {270},
  language  = {russian},
  isbn      = {5970604786},
}

@ARTICLE{HowVideogamesMade,
  author    = {Nadia Stefyn},
  title     = {How video games are made: the game development process [{Э}лектронный ресурс]},
  year      = {2022},
  language  = {english},
  note      = {URL:~\url{https://www.cgspectrum.com/blog/game-development-process} (Дата обращения 20.05.2022). Загл. с экр. Яз. англ.},
}

@BOOK{OpenGL,
  edition     = {7},
  title       = {OpenGL SuperBible: comprehensive tutorial and reference},
  publisher   = {Addison-Wesley},
  author      = {Graham Sellers and Richard S. Wright, Jr. and Nicholas Haemel},
  year        = {2016},
  pages       = {827},
  language    = {english},
}

@ARTICLE{Top7GameEngines,
  author      = {Renara Dar},
  title       = {Top 7 Game Engines You Should Consider for 2021 [{Э}лектронный ресурс]},
  year        = {2021},
  language    = {english},
  note        = {URL:~\url{https://www.incredibuild.com/blog/top-7-gaming-engines-you-should-consider-for-2020} (Дата обращения 20.05.2022). Загл. с экр. Яз. англ.},
}